<record><leader>00000cas a22000007a 4500</leader><controlfield tag="001">10518644</controlfield><controlfield tag="008">840314d18291847njuwr ne      0    0eng d</controlfield><datafield ind1=" " ind2=" " tag="010"><subfield code="a">sn 84026635 </subfield></datafield><datafield ind1=" " ind2=" " tag="040"><subfield code="a">NPU</subfield><subfield code="b">eng</subfield><subfield code="c">NPU</subfield><subfield code="d">DLC</subfield><subfield code="d">NPX</subfield><subfield code="d">NPA</subfield><subfield code="d">NJW</subfield><subfield code="d">CNK</subfield><subfield code="d">CNW</subfield><subfield code="d">DLC</subfield><subfield code="d">OCL</subfield><subfield code="d">OCLCQ</subfield><subfield code="d">OCLCF</subfield><subfield code="d">OCLCO</subfield></datafield><datafield ind1="1" ind2=" " tag="029"><subfield code="a">AU@</subfield><subfield code="b">000026223415</subfield></datafield><datafield ind1=" " ind2=" " tag="042"><subfield code="a">msc</subfield></datafield><datafield ind1=" " ind2=" " tag="043"><subfield code="a">n-us-nj</subfield></datafield><datafield ind1="0" ind2="0" tag="050"><subfield code="a">Newspaper</subfield></datafield><datafield ind1="0" ind2=" " tag="130"><subfield code="a">Emporium &amp; true American (Trenton, N.J. : 1829)</subfield></datafield><datafield ind1="1" ind2="0" tag="245"><subfield code="a">Emporium &amp; true American.</subfield></datafield><datafield ind1="3" ind2="0" tag="246"><subfield code="a">Emporium and true American</subfield></datafield><datafield ind1="3" ind2="0" tag="246"><subfield code="a">Emporium &amp; weekly post</subfield></datafield><datafield ind1="3" ind2="0" tag="246"><subfield code="a">Emporium and weekly post</subfield></datafield><datafield ind1=" " ind2=" " tag="260"><subfield code="a">Trenton, N.J. :</subfield><subfield code="b">Joseph Justice,</subfield><subfield code="c">1829-</subfield></datafield><datafield ind1=" " ind2=" " tag="300"><subfield code="a">v. :</subfield><subfield code="b">ill. (chiefly advertisements) ;</subfield><subfield code="c">53-60 cm.</subfield></datafield><datafield ind1=" " ind2=" " tag="310"><subfield code="a">Weekly</subfield></datafield><datafield ind1="0" ind2=" " tag="362"><subfield code="a">Vol. 9, no. 423 (July 11, 1829)-</subfield></datafield><datafield ind1="1" ind2=" " tag="362"><subfield code="a">Ceased in 1847.</subfield></datafield><datafield ind1=" " ind2=" " tag="500"><subfield code="a">Published as: Emporium &amp; weekly post, &lt;1845&gt;.</subfield></datafield><datafield ind1=" " ind2=" " tag="500"><subfield code="a">Publishers: Joseph Justice, 1829-1836; Joseph Justice &amp; Son, 1836-1839; Joseph Justice, Jr. and Franklin S. Mills, &lt;1839&gt;; Joseph Justice, &lt;1841&gt;; Joseph Justice and Franklin S. Mills, &lt;1841&gt;; Samuel G. Arnold, &lt;1845&gt;; William B. Brittain, &lt;1847&gt;.</subfield></datafield><datafield ind1=" " ind2=" " tag="500"><subfield code="a">Editors: Daniel L.M. Peixotto, &lt;1839&gt;; Franklin S. Mills, &lt;1839&gt;; Samuel G. Arnold, &lt;1845&gt;-1847.</subfield></datafield><datafield ind1=" " ind2=" " tag="530"><subfield code="a">Also issued on microfilm by Norton Micro Images.</subfield></datafield><datafield ind1=" " ind2=" " tag="580"><subfield code="a">Daily ed.: Emporium &amp; true American (Trenton, N.J. : 1839).</subfield></datafield><datafield ind1=" " ind2="0" tag="651"><subfield code="a">Trenton (N.J.)</subfield><subfield code="v">Newspapers.</subfield></datafield><datafield ind1=" " ind2="7" tag="655"><subfield code="a">Newspapers.</subfield><subfield code="2">fast</subfield><subfield code="0">(OCoLC)fst01423814</subfield></datafield><datafield ind1=" " ind2="7" tag="651"><subfield code="a">New Jersey</subfield><subfield code="z">Trenton.</subfield><subfield code="2">fast</subfield><subfield code="0">(OCoLC)fst01207908</subfield></datafield><datafield ind1=" " ind2=" " tag="752"><subfield code="a">United States</subfield><subfield code="b">New Jersey</subfield><subfield code="c">Mercer</subfield><subfield code="d">Trenton.</subfield></datafield><datafield ind1="1" ind2=" " tag="775"><subfield code="t">Emporium &amp; true American (Trenton, N.J. : 1839)</subfield><subfield code="w">(DLC)sn 84020540</subfield><subfield code="w">(OCoLC)11109577</subfield></datafield><datafield ind1="0" ind2="0" tag="780"><subfield code="t">Trenton emporium</subfield><subfield code="w">(DLC)sn 84020539</subfield><subfield code="w">(OCoLC)11109203</subfield></datafield><datafield ind1="0" ind2="5" tag="780"><subfield code="t">New Jersey weekly post</subfield><subfield code="g">1845</subfield><subfield code="w">(DLC)sn 85025454</subfield><subfield code="w">(OCoLC)11743115</subfield></datafield><datafield ind1="0" ind2="0" tag="785"><subfield code="t">True American (Trenton, N.J. : 1847)</subfield><subfield code="w">(DLC)sn 84020599</subfield><subfield code="w">(OCoLC)11219683</subfield></datafield></record>